@article{10.1145/1055218.1055219,
   author = {D\"{y}kstra, Edsger W.},
   title = {My Recollections of Operating System Design},
   year = {2005},
   issue_date = {April 2005},
   publisher = {Association for Computing Machinery},
   address = {New York, NY, USA},
   volume = {39},
   number = {2},
   issn = {0163-5980},
   url = {https://doi.org/10.1145/1055218.1055219},
   doi = {10.1145/1055218.1055219},
   journal = {SIGOPS Oper. Syst. Rev.},
   month = apr,
   pages = {4â€“40},
   numpages = {37}
}
